@misc{bureau2019NationalState,
  title = {2019 {{National}} and {{State Population Estimates}}},
  author = {Bureau, US Census},
  journal = {Census.gov},
  urldate = {2023-05-02},
  abstract = {Natural increase drops below 1 million for the first time in decades due to fewer births and more deaths.},
  chapter = {Government},
  howpublished = {https://www.census.gov/newsroom/press-kits/2019/national-state-estimates.html},
  file = {/home/jeet/Zotero/storage/CF3RUW3C/national-state-estimates.html}
}

@misc{CRANPackageUSA,
  title = {{{CRAN}} - {{Package USA}}.State.Boundaries},
  urldate = {2023-05-02},
  howpublished = {https://cran.r-project.org/web/packages/USA.state.boundaries/}
}

@article{pebesmaSimpleFeaturesStandardized2018,
  title = {Simple Features for {{R}}: {{Standardized}} Support for Spatial Vector Data},
  author = {Pebesma, Edzer},
  year = {2018},
  journal = {The R Journal},
  volume = {10},
  number = {1},
  pages = {439--446},
  doi = {10.32614/RJ-2018-009}
}

@book{pebesmaSpatialDataScience2023,
  title = {Spatial Data Science: {{With}} Applications in {{R}}},
  author = {Pebesma, Edzer and Bivand, Roger},
  year = {2023},
  pages = {352},
  publisher = {{Chapman and Hall/CRC}}
}
